@online{CrimeInVancouver,
  author = {Kaggle},
  title = {Crime In Vancouver},
  year = 2017,
  url = {https://www.kaggle.com/wosaku/crime-in-vancouver},
  urldate = {2018-04-12}
}